<?xml version="1.0" encoding="UTF-8"?><collection xmlns="http://www.loc.gov/MARC21/slim"><record><leader>00399nam--2200133-i-4500</leader><controlfield tag="001">000046863</controlfield><controlfield tag="002">20161230</controlfield><controlfield tag="005">20161230201046</controlfield><controlfield tag="008">060222s1000------------r-----000-0-eng-d</controlfield><datafield ind1=" " ind2=" " tag="080"><subfield code="a">621.37</subfield></datafield><datafield ind1=" " ind2=" " tag="100"><subfield code="a">Wan, Lawrence A</subfield></datafield><datafield ind1=" " ind2=" " tag="245"><subfield code="a">The analysis and synthesis of correlation codes and systems in the z-transform domain. thesis</subfield></datafield><datafield ind1=" " ind2=" " tag="260"><subfield code="a">Abb Arbor, Univ.Microfilms, Inc., 1966, X+183p</subfield></datafield><datafield ind1=" " ind2=" " tag="852"><subfield code="a">29315</subfield></datafield></record></collection>